<record><leader>00000cas a2200000 a 4500</leader><controlfield tag="001">7295863</controlfield><controlfield tag="008">810401d18282014vauwr n       0   a0eng d</controlfield><datafield ind1=" " ind2=" " tag="010"><subfield code="a">sn 83009036 </subfield></datafield><datafield ind1=" " ind2=" " tag="040"><subfield code="a">VRU</subfield><subfield code="b">eng</subfield><subfield code="c">VRU</subfield><subfield code="d">NSD</subfield><subfield code="d">NYS</subfield><subfield code="d">NST</subfield><subfield code="d">CNK</subfield><subfield code="d">NVK</subfield><subfield code="d">OCL</subfield><subfield code="d">OCLCQ</subfield><subfield code="d">CUI</subfield><subfield code="d">OCLCA</subfield><subfield code="d">OCLCQ</subfield><subfield code="d">OCLCF</subfield><subfield code="d">DLC</subfield><subfield code="d">OCLCO</subfield></datafield><datafield ind1=" " ind2=" " tag="012"><subfield code="i">9101</subfield><subfield code="k">1</subfield><subfield code="l">1</subfield><subfield code="m">d</subfield></datafield><datafield ind1="0" ind2=" " tag="022"><subfield code="a">0738-7318</subfield><subfield code="l">0738-7318</subfield><subfield code="2">1</subfield></datafield><datafield ind1="1" ind2=" " tag="029"><subfield code="a">AU@</subfield><subfield code="b">000025814186</subfield></datafield><datafield ind1=" " ind2=" " tag="037"><subfield code="b">The Religious Herald, P.O. Box 8377, Richmond, VA 23226-0377</subfield></datafield><datafield ind1=" " ind2=" " tag="042"><subfield code="a">nsdp</subfield></datafield><datafield ind1=" " ind2=" " tag="043"><subfield code="a">n-us-va</subfield></datafield><datafield ind1="1" ind2=" " tag="082"><subfield code="a">286</subfield><subfield code="2">11</subfield></datafield><datafield ind1=" " ind2=" " tag="090"><subfield code="a">BX6201</subfield><subfield code="b">.R45x</subfield></datafield><datafield ind1="0" ind2=" " tag="130"><subfield code="a">Religious herald (Richmond, Va.)</subfield></datafield><datafield ind1="0" ind2=" " tag="210"><subfield code="a">Relig. her.</subfield></datafield><datafield ind1=" " ind2="4" tag="222"><subfield code="a">The Religious herald</subfield></datafield><datafield ind1="1" ind2="0" tag="245"><subfield code="a">Religious herald.</subfield></datafield><datafield ind1=" " ind2=" " tag="260"><subfield code="a">Richmond, Va. :</subfield><subfield code="b">Religious Herald Pub. Association</subfield></datafield><datafield ind1=" " ind2=" " tag="300"><subfield code="a">v.</subfield></datafield><datafield ind1=" " ind2=" " tag="310"><subfield code="a">44 issues yearly,</subfield><subfield code="b">&lt;Jan. 3, 1985-&gt;</subfield></datafield><datafield ind1=" " ind2=" " tag="321"><subfield code="a">Weekly</subfield></datafield><datafield ind1="0" ind2=" " tag="362"><subfield code="a">Vol. 1, no. 1 (Jan. 11, 1828)-</subfield></datafield><datafield ind1="1" ind2=" " tag="362"><subfield code="a">Ceased in 2014?</subfield></datafield><datafield ind1=" " ind2=" " tag="500"><subfield code="a">Changed to periodical size and format in Sept. 1906.</subfield></datafield><datafield ind1=" " ind2=" " tag="500"><subfield code="a">"Published for the Virginia Baptist Book and Tract Society."</subfield></datafield><datafield ind1=" " ind2=" " tag="500"><subfield code="a">Publisher varies: Ball and Sands, Apr. 1831-May 1833; Sands, June 1833-Jan 1, 1857; Sands, Shaver, and Co., Jan. 8, 1857-Mar. 30, 1865; J.B. Jeter, A.E. Dickinson, Oct. 19, 1865-</subfield></datafield><datafield ind1=" " ind2=" " tag="515"><subfield code="a">Suspended Mar. 30-Oct. 19, 1865.</subfield></datafield><datafield ind1=" " ind2=" " tag="515"><subfield code="a">Begins New Ser. Vol. 1, no. 1 (Jan. 17, 1834) = whole no. 313 ; Begins Vol. 1, no. 1 (Oct. 19, 1865)-</subfield></datafield><datafield ind1=" " ind2=" " tag="530"><subfield code="a">Microfilm available from the Library of Virginia.</subfield></datafield><datafield ind1=" " ind2=" " tag="550"><subfield code="a">Journal of the Baptist General Association of Virginia.</subfield></datafield><datafield ind1="2" ind2="0" tag="610"><subfield code="a">Baptist General Association of Virginia</subfield><subfield code="v">Newspapers.</subfield></datafield><datafield ind1="2" ind2="0" tag="610"><subfield code="a">Baptist General Association of Virginia</subfield><subfield code="v">Periodicals.</subfield></datafield><datafield ind1=" " ind2="0" tag="650"><subfield code="a">Baptists</subfield><subfield code="z">Virginia</subfield><subfield code="v">Periodicals.</subfield></datafield><datafield ind1=" " ind2="0" tag="650"><subfield code="a">Baptists</subfield><subfield code="z">Virginia</subfield><subfield code="v">Newspapers.</subfield></datafield><datafield ind1=" " ind2="0" tag="651"><subfield code="a">Richmond (Va.)</subfield><subfield code="v">Newspapers.</subfield></datafield><datafield ind1="2" ind2="7" tag="610"><subfield code="a">Baptist General Association of Virginia.</subfield><subfield code="2">fast</subfield><subfield code="0">(OCoLC)fst00649140</subfield></datafield><datafield ind1=" " ind2="7" tag="650"><subfield code="a">Baptists.</subfield><subfield code="2">fast</subfield><subfield code="0">(OCoLC)fst00827285</subfield></datafield><datafield ind1=" " ind2="7" tag="651"><subfield code="a">Virginia.</subfield><subfield code="2">fast</subfield><subfield code="0">(OCoLC)fst01204597</subfield></datafield><datafield ind1=" " ind2="7" tag="651"><subfield code="a">Virginia</subfield><subfield code="z">Richmond.</subfield><subfield code="2">fast</subfield><subfield code="0">(OCoLC)fst01205345</subfield></datafield><datafield ind1=" " ind2="7" tag="655"><subfield code="a">Newspapers.</subfield><subfield code="2">fast</subfield><subfield code="0">(OCoLC)fst01423814</subfield></datafield><datafield ind1=" " ind2="7" tag="655"><subfield code="a">Periodicals.</subfield><subfield code="2">fast</subfield><subfield code="0">(OCoLC)fst01411641</subfield></datafield><datafield ind1="2" ind2=" " tag="710"><subfield code="a">Baptist General Association of Virginia.</subfield></datafield><datafield ind1=" " ind2=" " tag="752"><subfield code="a">United States</subfield><subfield code="b">Virginia</subfield><subfield code="d">Richmond.</subfield></datafield><datafield ind1="0" ind2="0" tag="780"><subfield code="t">Evangelical inquirer</subfield><subfield code="w">(OCoLC)6484172</subfield></datafield><datafield ind1="0" ind2="5" tag="780"><subfield code="t">South Carolina Baptist</subfield><subfield code="w">(DLC)sn 88084082</subfield></datafield><datafield ind1="0" ind2="0" tag="785"><subfield code="t">Herald</subfield><subfield code="x">2373-9886</subfield><subfield code="w">(DLC)  2014203015</subfield><subfield code="w">(OCoLC)883745296</subfield></datafield><datafield ind1=" " ind2=" " tag="850"><subfield code="a">ViU</subfield></datafield></record>